<?xml version="1.0" encoding="utf-8"?>
<record xmlns="http://www.loc.gov/MARC21/slim" xmlns:xsi="http://www.w3.org/2001/XMLSchema-instance" xsi:schemaLocation="http://www.loc.gov/MARC21/slim http://www.loc.gov/standards/marcxml/schema/MARC21slim.xsd">
	<leader>     nam a22        4500</leader>
	<controlfield tag="001">3076393</controlfield>
	<controlfield tag="003">NNC</controlfield>
	<controlfield tag="006">m        d        </controlfield>
	<controlfield tag="007">cr cn |||m|||a</controlfield>
	<controlfield tag="008">160323m19359999ua      o     000 0 arard</controlfield>
	<datafield ind1=" " ind2=" " tag="040">
		<subfield code="a">NNU</subfield>
		<subfield code="b">eng</subfield>
		<subfield code="e">rda</subfield>
		<subfield code="c">NNU</subfield>
	</datafield>
	<datafield ind1=" " ind2="4" tag="050">
		<subfield code="a">BP130</subfield>
		<subfield code="b">.Q71</subfield>
	</datafield>
	<datafield ind1="1" ind2=" " tag="100">
		<subfield code="6">880-01</subfield>
		<subfield code="a">Qurṭubī, Muḥammad ibn Aḥmad,</subfield>
		<subfield code="d">-1273.</subfield>
	</datafield>
	<datafield ind1="1" ind2="0" tag="240">
		<subfield code="6">880-02</subfield>
		<subfield code="a">Jāmiʻ li-aḥkām al-Qurʼān</subfield>
	</datafield>
	<datafield ind1="1" ind2="0" tag="245">
		<subfield code="6">880-03</subfield>
		<subfield code="a">al-Jāmiʻ li-aḥkām al-Qurʼān /</subfield>
		<subfield code="c">li-Abī ʻAbd Allāh Muḥammad ibn Aḥmad al-Anṣārī al-Qurṭubī.</subfield>
	</datafield>
	<datafield ind1="3" ind2=" " tag="246">
		<subfield code="6">880-04</subfield>
		<subfield code="a">Tafsīr al-Qurṭubī</subfield>
	</datafield>
	<datafield ind1=" " ind2=" " tag="250">
		<subfield code="6">880-05</subfield>
		<subfield code="a">al-Ṭabʻah 2.</subfield>
	</datafield>
	<datafield ind1=" " ind2=" " tag="260">
		<subfield code="6">880-06</subfield>
		<subfield code="a">al-Qāhirah :</subfield>
		<subfield code="b">Dār al-Kutūb al-Miṣrīyah,</subfield>
		<subfield code="c">1935-</subfield>
	</datafield>
	<datafield ind1=" " ind2=" " tag="300">
		<subfield code="a">online resource (volumes)</subfield>
	</datafield>
	<datafield ind1=" " ind2=" " tag="336">
		<subfield code="a">text</subfield>
		<subfield code="2">rdacontent</subfield>
	</datafield>
	<datafield ind1=" " ind2=" " tag="337">
		<subfield code="a">computer</subfield>
		<subfield code="2">rdamedia</subfield>
	</datafield>
	<datafield ind1=" " ind2=" " tag="338">
		<subfield code="a">online resource</subfield>
		<subfield code="2">rdacarrier</subfield>
	</datafield>
	<datafield ind1=" " ind2=" " tag="500">
		<subfield code="a">At head of title: v. 1- : Dār al-Kutūb al-Miṣrīyah. al-Qism al-Adabī; v. 9- al-Jumhūrīyah al-ʻArabīyah al-Muttaḥidah. Wizārat al-Thaqāfah wa-al-Irshād al-Qawmī. Dār al-kutub.</subfield>
	</datafield>
	<datafield ind1=" " ind2=" " tag="500">
		<subfield code="a">V. 1: 3d. ed.; v. 2, 4-7, 9-20: 2d ed.</subfield>
	</datafield>
	<datafield ind1=" " ind2=" " tag="500">
		<subfield code="a">Part of the Arabic Collections Online (ACO) project, contributed by Columbia University Libraries.</subfield>
	</datafield>
	<datafield ind1=" " ind2=" " tag="533">
		<subfield code="a">Electronic reproduction.</subfield>
		<subfield code="b">New York, N.Y. :</subfield>
		<subfield code="c">New York University,</subfield>
		<subfield code="d">2016.</subfield>
		<subfield code="5">NNU</subfield>
	</datafield>
	<datafield ind1="0" ind2="0" tag="630">
		<subfield code="a">Qurʼan</subfield>
		<subfield code="v">Commentaries.</subfield>
	</datafield>
	<datafield ind1="0" ind2="7" tag="630">
		<subfield code="a">Qurʼan.</subfield>
		<subfield code="2">fast</subfield>
		<subfield code="0">(OCoLC)fst01842877</subfield>
	</datafield>
	<datafield ind1=" " ind2="7" tag="655">
		<subfield code="a">Commentaries.</subfield>
		<subfield code="2">fast</subfield>
		<subfield code="0">(OCoLC)fst01423723</subfield>
	</datafield>
	<datafield ind1="2" ind2=" " tag="710">
		<subfield code="6">880-07</subfield>
		<subfield code="a">Dār al-Kutub al-Miṣrīyah.</subfield>
		<subfield code="b">al-Qism al-Adabī.</subfield>
	</datafield>
	<datafield ind1="2" ind2=" " tag="710">
		<subfield code="a">Columbia University.</subfield>
		<subfield code="b">Libraries.</subfield>
	</datafield>
	<datafield ind1="0" ind2=" " tag="730">
		<subfield code="a">Arabic Collections Online.</subfield>
	</datafield>
	<datafield ind1="0" ind2="8" tag="776">
		<subfield code="i">Print version:</subfield>
		<subfield code="a">Qurṭubī, Muḥammad ibn Aḥmad, -1273.</subfield>
		<subfield code="t">al-Jāmiʻ li-aḥkām al-Qurʼān</subfield>
		<subfield code="w">(NNC)3076393</subfield>
		<subfield code="w">(OCoLC)17965928</subfield>
	</datafield>
	<datafield ind1="4" ind2="0" tag="856">
		<subfield code="u">http://hdl.handle.net/2333.1/gb5mkq5n</subfield>
	</datafield>
	<datafield ind1="1" ind2=" " tag="880">
		<subfield code="6">100-01/r</subfield>
		<subfield code="a">قرطبي، محمد ابن ٱحمد.</subfield>
	</datafield>
	<datafield ind1="1" ind2="0" tag="880">
		<subfield code="6">240-02/r</subfield>
		<subfield code="a">جامع لأحكام القرآن</subfield>
	</datafield>
	<datafield ind1="1" ind2="2" tag="880">
		<subfield code="6">245-03/r</subfield>
		<subfield code="a">الجامع لاحكام القرآن /</subfield>
		<subfield code="c">لأبي عبد الله محمد ابن أحمد الأنصاري القرطبي.</subfield>
	</datafield>
	<datafield ind1="3" ind2=" " tag="880">
		<subfield code="6">246-04/r</subfield>
		<subfield code="a">تفسير القرطبي</subfield>
	</datafield>
	<datafield ind1=" " ind2=" " tag="880">
		<subfield code="6">250-05/r</subfield>
		<subfield code="a">الطبعة 2.</subfield>
	</datafield>
	<datafield ind1=" " ind2=" " tag="880">
		<subfield code="6">260-06/r</subfield>
		<subfield code="a">القاهرة :</subfield>
		<subfield code="b">دار الكتب المصرية،</subfield>
		<subfield code="c">1935-1950.</subfield>
	</datafield>
	<datafield ind1="2" ind2=" " tag="880">
		<subfield code="6">710-07/r</subfield>
		<subfield code="a">دار الكتب المصرية.</subfield>
		<subfield code="b">القسم الابي.</subfield>
	</datafield>
	<datafield ind1=" " ind2=" " tag="959">
		<subfield code="a">NNU</subfield>
		<subfield code="b">WEB</subfield>
		<subfield code="c">GENI</subfield>
		<subfield code="t">0</subfield>
		<subfield code="m">Electronic access</subfield>
		<subfield code="s">01</subfield>
	</datafield>
	<datafield ind1=" " ind2=" " tag="999">
		<subfield code="i">NNC_3076393</subfield>
		<subfield code="o">(OCoLC)ocm17965928</subfield>
		<subfield code="s">columbia_aco001647:v.1</subfield>
		<subfield code="s">columbia_aco001648:v.2</subfield>
		<subfield code="s">columbia_aco001649:v.3</subfield>
		<subfield code="s">columbia_aco001650:v.4</subfield>
		<subfield code="s">columbia_aco001651:v.5</subfield>
		<subfield code="s">columbia_aco001652:v.6</subfield>
		<subfield code="s">columbia_aco001653:v.7</subfield>
		<subfield code="s">columbia_aco001654:v.8</subfield>
		<subfield code="s">columbia_aco001655:v.9</subfield>
		<subfield code="s">columbia_aco001656:v.10</subfield>
		<subfield code="s">columbia_aco001657:v.11</subfield>
		<subfield code="s">columbia_aco001658:v.12</subfield>
		<subfield code="s">columbia_aco001659:v.13</subfield>
		<subfield code="s">columbia_aco001660:v.14</subfield>
		<subfield code="s">columbia_aco001661:v.15</subfield>
		<subfield code="s">columbia_aco001662:v.16</subfield>
		<subfield code="s">columbia_aco001665:v.17</subfield>
		<subfield code="s">columbia_aco001664:v.18</subfield>
		<subfield code="s">columbia_aco001663:v.19</subfield>
		<subfield code="s">columbia_aco001666:v.20</subfield>
		<subfield code="e">(ERROR-880)</subfield>
		<subfield code="s">columbia_aco001647:v.1</subfield>
		<subfield code="s">columbia_aco001648:v.2</subfield>
		<subfield code="s">columbia_aco001649:v.3</subfield>
		<subfield code="s">columbia_aco001650:v.4</subfield>
		<subfield code="s">columbia_aco001651:v.5</subfield>
		<subfield code="s">columbia_aco001652:v.6</subfield>
		<subfield code="s">columbia_aco001653:v.7</subfield>
		<subfield code="s">columbia_aco001654:v.8</subfield>
		<subfield code="s">columbia_aco001655:v.9</subfield>
		<subfield code="s">columbia_aco001656:v.10</subfield>
		<subfield code="s">columbia_aco001657:v.11</subfield>
		<subfield code="s">columbia_aco001658:v.12</subfield>
		<subfield code="s">columbia_aco001659:v.13</subfield>
		<subfield code="s">columbia_aco001660:v.14</subfield>
		<subfield code="s">columbia_aco001661:v.15</subfield>
		<subfield code="s">columbia_aco001662:v.16</subfield>
		<subfield code="s">columbia_aco001665:v.17</subfield>
		<subfield code="s">columbia_aco001664:v.18</subfield>
		<subfield code="s">columbia_aco001663:v.19</subfield>
		<subfield code="s">columbia_aco001666:v.20</subfield>
	</datafield>
</record>
